EventCode,Year,Age,EventDate,Scans,ScanDate,Day_of_Week,Day_Night,Theme_YN,Month,Opponent,Opponent_Rank,Winning_Percentage,Promo,CostperItem,Number_Items_Given,Demographic,Item,Item_Type,WeekendYN,Winning_Percentage,cLI,Competing_Event,Competing_Event_Binary,PRCP,TAVG,TMAX,TMIN,Revenue,GrossRev,NetRev,PerCap
22G0409,2022,Old,4/9/2022,40629,4/9/2022,Saturday,D,No,April,PIT,2,1,Y,5,25750,Teenplus,Jersey,Clothes,Yes,1,1.04,blues,2,0,45,59,34,2072361.47,3319457.94,2248164.18,76.87
22G0410,2022,Old,4/10/2022,35983,4/10/2022,Sunday,D,No,April,PIT,2,0.666666667,Y,3.1,30750,Teenplus,Bobblehead,Bobblehead,Yes,0.666666667,1.07,,1,0,56,78,41,1665575.94,2603420.8,1752952.19,67.77
22G0412,2022,Old,4/12/2022,32814,4/12/2022,Tuesday,N,Yes,April,KCR,2,0.75,N,0,0,0,0,0,No,0.75,0.93,,1,0,59,78,48,1384618.77,2119003.22,1441063.52,56.57
22G0425,2022,Old,4/25/2022,26377,4/25/2022,Monday,N,Yes,April,NYM,4,0.6,N,0,0,0,0,0,No,0.6,1.15,,1,0.04,58,60,45,1409600.8,1944381.44,1345422.02,60.71
22G0426,2022,Old,4/26/2022,23176,4/26/2022,Tuesday,N,Yes,April,NYM,4,0.5625,N,0,0,0,0,0,No,0.5625,1.1,,1,0,50,62,39,1332073.69,1853949.61,1273930.26,64.5
22G0427,2022,Old,4/27/2022,25254,4/27/2022,Wednesday,D,No,April,NYM,4,0.588235294,N,0,0,0,0,0,No,0.588235294,1.07,,1,0,59,77,43,1348310.63,2140087.37,1467222.22,68.84
22G0428,2022,Old,4/28/2022,21009,4/28/2022,Thursday,N,Yes,April,ARI,2,0.611111111,N,0,0,0,0,0,No,0.611111111,1.05,,1,0.04,65,72,56,1288731.34,1753589.67,1237001.9,61.16
22G0429,2022,Old,4/29/2022,36272,4/29/2022,Friday,N,Yes,April,ARI,2,0.578947368,Y,6.86,25750,Teenplus,Vest,Clothes,Yes,0.578947368,1.1,blues,2,0.06,62,70,58,1472710.18,2704205.24,1863057.3,69.29
22G0430,2022,Old,4/30/2022,32342,4/30/2022,Saturday,D,No,April,ARI,2,0.55,Y,4.15,25750,Teenplus,Bobblehead,Bobblehead,Yes,0.55,1.08,,1,0.09,68,81,60,1267268.3,2654427.19,1847851.96,71.34
22G0501,2022,Old,5/1/2022,39341,5/1/2022,Sunday,D,Yes,May,ARI,2,0.571428571,Y,5.99,10000,Kids,Blanket,Item,Yes,0.571428571,1.01,,1,0,63,72,54,1768705.08,2833767.27,1927991.71,66.22
22G0413,2022,Old,5/2/2022,19225,5/2/2022,Monday,D,No,May,KCR,2,,N,0,0,0,0,0,No,0.55,1.01,,1,0.37,59,65,49,1801343.55,1763324.79,1267390.33,61.86
22G0510,2022,Old,5/10/2022,23740,5/10/2022,Tuesday,N,Yes,May,BAL,4,0.535714286,N,0,0,0,0,0,No,0.535714286,1.06,,1,0,80,90,71,1820141.27,2006410.09,1426991.42,66.28
22G0511,2022,Old,5/11/2022,25538,5/11/2022,Wednesday,N,Yes,May,BAL,4,0.551724138,N,0,0,0,0,0,No,0.551724138,1.02,,1,0,85,94,74,1480542.87,1986548.58,1390933.64,64.39
22G0512,2022,Old,5/12/2022,25691,5/12/2022,Thursday,D,Yes,May,BAL,4,0.533333333,N,0,0,0,0,0,No,0.533333333,1.07,blues,2,0,85,93,73,1432732.55,2183572.5,1533149.97,68.96
22G0513,2022,Old,5/13/2022,33859,5/13/2022,Friday,N,Yes,May,SFG,2,0.516129032,Y,3.45,25750,Teenplus,Hat,Clothes,Yes,0.516129032,1.08,,1,0,82,88,71,1584001.04,2669932.49,1865944.99,71.24
22G0514,2022,Old,5/14/2022,39421,5/14/2022,Saturday,D,No,May,SFG,2,0.53125,Y,6,25750,Teenplus,Purse,Clothes,Yes,0.53125,1.07,,1,0,79,90,67,1818330.68,3340268.65,2321744.49,78.38
22G0515,2022,Old,5/15/2022,33222,5/15/2022,Sunday,N,No,May,SFG,2,0.545454545,Y,3.2,30750,Any,Toy,Item,Yes,0.545454545,1.1,,1,0,77,86,60,2198777.26,2328514.73,1642182.43,62.19
22G0523,2022,Old,5/23/2022,31211,5/23/2022,Monday,N,Yes,May,KCR,2,0.575,N,0,0,0,0,0,No,0.575,1.12,blues,2,0,60,69,50,1617632.7,2085108.33,1453233.16,60.73
22G0524,2022,Old,5/24/2022,26648,5/24/2022,Tuesday,N,Yes,May,KCR,2,0.56097561,N,0,0,0,0,0,No,0.56097561,1.14,,1,0,63,74,55,1429061.57,2047200.8,1433744.76,65.38
22G0526,2022,Old,5/26/2022,28819,5/26/2022,Thursday,N,Yes,May,MIL,2,0.547619048,N,0,0,0,0,0,No,0.547619048,1.32,,1,0.14,69,73,58,1451054.05,2110305.16,1458178.08,64.26
22G0527,2022,Old,5/27/2022,33776,5/27/2022,Friday,N,Yes,May,MIL,2,0.558139535,Y,4.42,25750,Teenplus,Tshirt,Clothes,Yes,0.558139535,1.3,blues,2,0.01,60,67,55,1455635.1,2724318.9,1926352.17,73.28
22G0528,2022,Old,5/28/2022,42657,5/28/2022,Saturday,D,No,May,MIL,2,0.568181818,Y,5.89,25750,Teenplus,Tumbler,Item,Yes,0.568181818,1.32,,1,0,65,81,52,1861512.24,3742743.57,2613070.95,84.12
22G0529,2022,Old,5/29/2022,39120,5/29/2022,Sunday,D,Yes,May,MIL,2,0.555555556,Y,3.95,25750,Teenplus,Toy,Item,Yes,0.555555556,1.34,,1,0,75,87,65,2444829.19,3073226.63,2138329,72.67
22G0530,2022,Old,5/30/2022,38013,5/30/2022,Monday,D,Yes,May,SDP,4,0.565217391,Y,5.23,25750,Teenplus,Toy,Item,No,0.565217391,1.11,,1,0,80,89,69,2048051.13,2653055.6,1814031.15,65.45
22G0531,2022,Old,5/31/2022,25433,5/31/2022,Tuesday,N,Yes,May,SDP,4,0.574468085,N,0,0,0,0,0,No,0.574468085,1.16,,1,0,81,90,74,1711996.75,1889295.44,1349015.96,61.29
22G0601,2022,Old,6/1/2022,24991,6/1/2022,Wednesday,D,No,June,SDP,4,0.583333333,N,0,0,0,0,0,No,0.583333333,1.21,,1,0.45,78,81,68,1355258.33,2135876.96,1514189.83,68.72
22G0610,2022,Old,6/10/2022,41220,6/10/2022,Friday,N,Yes,June,CIN,1,0.561403509,Y,4.81,25750,Teenplus,Jersey,Clothes,Yes,0.561403509,1.17,,1,0.1,74,83,67,1576153.94,3208089.33,2270439.57,73.48
22G0611,2022,Old,6/11/2022,37087,6/11/2022,Saturday,D,No,June,CIN,1,0.568965517,Y,2.55,25750,Teenplus,Ring,Item,Yes,0.568965517,1.15,,1,0,77,90,66,2172168.09,3324097.85,2330269.64,80.5
22G0612,2022,Old,6/12/2022,32765,6/12/2022,Sunday,D,No,June,CIN,1,0.559322034,Y,4.6,11000,Kids,Jersey,Clothes,Yes,0.559322034,1.2,,1,0,85,94,77,2231750.16,2714014.14,1919964.27,68.99
22G0613,2022,Old,6/13/2022,27746,6/13/2022,Monday,N,Yes,June,PIT,2,0.566666667,N,0,0,0,0,0,No,0.566666667,1.21,,1,0,89,100,83,1912525.22,2089786.31,1486734.88,61.34
22G0614,2022,Old,6/14/2022,23167,6/14/2022,Tuesday,D,Yes,June,PIT,2,0.573770492,N,0,0,0,0,0,No,0.573770492,1.22,,1,0,90,99,81,1513793.87,1746886.56,1258580.3,66.5
22G0411,2022,Old,6/14/2022,16635,6/14/2022,Tuesday,N,Yes,June,PIT,2,0.573770492,N,0,0,0,0,0,No,0.573770492,1.25,,1,0,90,99,81,1512571.24,2004993.43,1439882.36,65.89
22G0615,2022,Old,6/15/2022,31926,6/15/2022,Wednesday,N,No,June,PIT,2,0.564516129,N,0,0,0,0,0,No,0.564516129,1.23,,1,0,89,98,80,1700172.82,2431254.4,1712566.52,67
22G0624,2022,Old,6/24/2022,42701,6/24/2022,Friday,N,No,June,CHC,1,0.542857143,N,0,0,0,0,0,Yes,0.542857143,1.17,,1,0,82,90,70,2648182.68,3851194,2766394.76,85.18
22G0625,2022,Old,6/25/2022,37151,6/25/2022,Saturday,D,No,June,CHC,1,0.549295775,N,0,0,0,0,0,Yes,0.549295775,1.12,,1,0,86,99,76,2909509.21,4167723.06,3002562.59,98.47
22G0626,2022,Old,6/26/2022,39227,6/26/2022,Sunday,D,No,June,CHC,1,0.541666667,N,0,0,0,0,0,Yes,0.541666667,1.18,,1,0.48,81,84,67,2397247.23,3570585.45,2519147.59,83.4
22G0627,2022,Old,6/27/2022,27862,6/27/2022,Monday,N,Yes,June,MIA,4,0.547945205,N,0,0,0,0,0,No,0.547945205,1.15,,1,0,74,83,61,1457553.72,2060294.8,1469558.59,63.81
22G0628,2022,Old,6/28/2022,24837,6/28/2022,Tuesday,N,Yes,June,MIA,4,0.554054054,N,0,0,0,0,0,No,0.554054054,1.22,,1,0,75,85,64,1466029.56,2019369.56,1447095.28,68.12
22G0629,2022,Old,6/29/2022,28867,6/29/2022,Wednesday,N,Yes,June,MIA,4,0.546666667,N,0,0,0,0,0,No,0.546666667,1.24,,1,0,80,91,67,1462185.11,2103268.26,1490331.66,63.28
22G0708,2022,Old,7/8/2022,35983,7/8/2022,Friday,N,Yes,July,PHI,2,0.518072289,Y,2.8,25750,Teenplus,Socks,Clothes,Yes,0.518072289,1.19,,1,0.22,84,96,78,2030327.19,3034158.37,2173347.44,77.38
22G0709,2022,Old,7/9/2022,33328,7/9/2022,Saturday,D,No,July,PHI,2,0.511904762,Y,4.67,25750,Teenplus,Shirt,Clothes,Yes,0.511904762,1.17,,1,0.56,78,84,72,2241960.35,3145012.43,2295083.65,80.79
22G0710,2022,Old,7/10/2022,26958,7/10/2022,Sunday,D,No,July,PHI,2,0.517647059,Y,3.85,11000,Kids,Shirt,Clothes,Yes,0.517647059,1.06,,1,0,78,89,68,1770141.64,2476489.23,1785617.45,75.3
22G0711,2022,Old,7/11/2022,25021,7/11/2022,Monday,N,Yes,July,PHI,2,0.523255814,N,0,0,0,0,0,No,0.523255814,1.14,,1,0,84,99,73,1460788.22,2002641.04,1436230.59,64.33
22G0712,2022,Old,7/12/2022,29715,7/12/2022,Tuesday,N,Yes,July,LAD,1,0.528735632,N,0,0,0,0,0,No,0.528735632,1.1,,1,0.06,84,89,72,1601041.21,2305862.1,1652564.66,66.89
22G0713,2022,Old,7/13/2022,33357,7/13/2022,Wednesday,N,Yes,July,LAD,1,0.522727273,N,0,0,0,0,0,No,0.522727273,1.16,,1,0,80,92,69,1698121.44,2495717.72,1777900.22,67.21
22G0714,2022,Old,7/14/2022,35346,7/14/2022,Thursday,N,Yes,July,LAD,1,0.516853933,N,0,0,0,0,0,No,0.516853933,1.1,,1,0,85,97,73,1735062.45,2566496.2,1825825.54,67.11
22G0715,2022,Old,7/15/2022,36812,7/15/2022,Friday,N,Yes,July,CIN,1,0.522222222,Y,3.15,25750,Teenplus,Hat,Clothes,Yes,0.522222222,1,,1,0,85,94,77,2005188.94,2997344.49,2153266.81,75.68
22G0716,2022,Old,7/16/2022,32739,7/16/2022,Saturday,D,No,July,CIN,1,0.527472527,Y,4.81,25750,Teenplus,Jersey,Clothes,Yes,0.527472527,1.01,Concert,2,0,90,103,82,2145437.86,3114300.75,2240164.79,81.6
22G0802,2022,Old,8/2/2022,38118,8/2/2022,Tuesday,N,Yes,August,CHC,1,0.53,N,0,0,0,0,0,No,0.53,0.94,,1,0,86,89,81,2139002.64,3172335.44,2225194.59,75.69
22G0804,2022,Old,8/4/2022,39195,8/4/2022,Thursday,D,Yes,August,CHC,1,0.534653465,N,0,0,0,0,0,No,0.534653465,0.94,,1,0.44,79,89,74,2106717.82,2591976.61,1887527.75,83.78
22G0803,2022,Old,8/4/2022,18527,8/4/2022,Thursday,N,Yes,August,CHC,1,0.534653465,N,0,0,0,0,0,No,0.534653465,0.92,,1,0.44,79,89,74,1871745.56,3088006.68,2213845.2,72.42
22G0805,2022,Old,8/5/2022,43971,8/5/2022,Friday,N,No,August,NYY,1,0.539215686,N,0,0,0,0,0,Yes,0.539215686,0.91,,1,0,82,92,75,2091883.38,4127469.15,3038582.87,89.86
22G0806,2022,Old,8/6/2022,45619,8/6/2022,Saturday,N,No,August,NYY,1,0.54368932,Y,3.8,25570,Teenplus,Bobblehead,Bobblehead,Yes,0.54368932,0.92,Concert,2,0,86,96,78,2830240.77,4773773.68,3574833.95,100.27
22G0807,2022,Old,8/7/2022,41775,8/7/2022,Sunday,D,No,August,NYY,1,0.548076923,N,0,0,0,0,0,Yes,0.548076923,0.86,,1,0,88,98,80,3346524.95,3879775.88,2787539.33,86.8
22G0812,2022,Old,8/12/2022,41884,8/12/2022,Friday,N,Yes,August,MIL,2,0.546296296,Y,5.93,25750,Teenplus,Jersey,Clothes,Yes,0.546296296,1.31,,1,0,77,84,66,2536113.45,3218971.64,2317976.39,72.75
22G0813,2022,Old,8/13/2022,41703,8/13/2022,Saturday,N,No,August,MIL,2,0.541284404,Y,6.6,25750,Teenplus,Bobblehead,Bobblehead,Yes,0.541284404,1.34,,1,0,76,89,67,2158974.08,3362479.03,2442607.57,75.63
22G0814,2022,Old,8/14/2022,38650,8/14/2022,Sunday,D,Yes,August,MIL,2,0.545454545,Y,2.66,25750,Teenplus,Ring,Item,Yes,0.545454545,1.32,,1,0,81,85,71,2300628.78,2891475.24,2080641.17,68.49
22G0816,2022,Old,8/16/2022,27335,8/16/2022,Tuesday,N,Yes,August,COL,3,0.54954955,N,0,0,0,0,0,No,0.54954955,0.81,,1,0.41,73,81,68,2023413.52,2071195.97,1489885.83,59.45
22G0817,2022,Old,8/17/2022,28455,8/17/2022,Wednesday,N,Yes,August,COL,3,0.553571429,N,0,0,0,0,0,No,0.553571429,0.79,Concert,2,0,74,84,66,1492759.19,2163418.7,1546678.76,62.55
22G0818,2022,Old,8/18/2022,26502,8/18/2022,Thursday,D,Yes,August,COL,3,0.557522124,N,0,0,0,0,0,No,0.557522124,0.74,Concert,2,0,76,86,65,1534794,2224257.19,1590174.34,68.07
22G0826,2022,Old,8/26/2022,42398,8/26/2022,Friday,N,Yes,August,ATL,1,0.56557377,Y,3.75,25750,Teenplus,Hat,Clothes,Yes,0.56557377,0.39,,1,0,79,89,71,1585155.07,3314004.04,2369853.51,74.21
22G0827,2022,Old,8/27/2022,42356,8/27/2022,Saturday,N,No,August,ATL,1,0.569105691,Y,3.35,25750,Teenplus,Shirt,Clothes,Yes,0.569105691,0.38,,1,0,80,91,70,2155373.91,3671562.2,2646107.73,82.18
22G0828,2022,Old,8/28/2022,36416,8/28/2022,Sunday,N,Yes,August,ATL,1,0.572580645,Y,4,25750,Teenplus,Bobblehead,Bobblehead,Yes,0.572580645,0.38,,1,0.32,83,93,75,2419316.79,2819807.86,2032200.55,69.5
22G0902,2022,Old,9/2/2022,38974,9/2/2022,Friday,N,No,September,CHC,1,0.578125,N,0,0,0,0,0,Yes,0.578125,0.32,,1,0.03,77,83,71,1937136.35,3317512.16,2399806.33,78.19
22G0903,2022,Old,9/3/2022,43947,9/3/2022,Saturday,N,No,September,CHC,1,0.581395349,N,0,0,0,0,0,Yes,0.581395349,0.26,,1,0.19,72,79,66,2235451.61,4322487.14,3164730.39,93.13
22G0904,2022,Old,9/4/2022,41345,9/4/2022,Sunday,D,No,September,CHC,1,0.584615385,N,0,0,0,0,0,Yes,0.584615385,0.26,,1,0.51,72,75,69,2919214.53,4050663.56,2894959.93,90.99
22G0905,2022,Old,9/5/2022,41186,9/5/2022,Monday,D,Yes,September,WAS,3,0.580152672,Y,3.85,25750,Teenplus,Hat,Clothes,No,0.580152672,0.24,,1,0.14,73,79,71,2624327.98,2747298.69,1956972.81,62.35
22G0906,2022,Old,9/6/2022,24901,9/6/2022,Tuesday,N,Yes,September,WAS,3,0.583333333,N,0,0,0,0,0,No,0.583333333,0.23,,1,0,74,81,70,1834520.22,2058531.67,1522763.38,61.71
22G0907,2022,Old,9/7/2022,25445,9/7/2022,Wednesday,N,Yes,September,WAS,3,0.586466165,N,0,0,0,0,0,No,0.586466165,0.21,,1,0,75,84,65,1550175.8,2030459.74,1457090.15,64.38
22G0908,2022,Old,9/8/2022,32292,9/8/2022,Thursday,D,No,September,WAS,3,0.582089552,N,0,0,0,0,0,No,0.582089552,0.17,,1,0,73,83,63,1482208.61,2660715.24,1892889.76,71.14
22G0913,2022,Old,9/13/2022,34765,9/13/2022,Tuesday,N,Yes,September,MIL,2,0.579710145,Y,0,25000,Any,Sticker,Item,No,0.579710145,0.2,,1,0,70,82,55,1827494.68,2456237.83,1749016.2,62.37
22G0914,2022,Old,9/14/2022,42492,9/14/2022,Wednesday,N,Yes,September,MIL,2,0.582733813,Y,1.74,30000,Any,Towel,Item,No,0.582733813,0.24,,1,0,71,85,56,1680968.57,2936258.32,2087064.27,65.34
22G0915,2022,Old,9/15/2022,35677,9/15/2022,Thursday,N,Yes,September,CIN,1,0.578571429,N,0,0,0,0,0,No,0.578571429,0.19,,1,0,74,84,63,1891909.43,2512304.65,1798918.7,60.6
22G0916,2022,Old,9/16/2022,43173,9/16/2022,Friday,N,Yes,September,CIN,1,0.581560284,Y,5.92,25750,Teenplus,Shirt,Clothes,Yes,0.581560284,0.13,,1,0,76,87,64,1724036.11,3719286.25,2711590.7,81.37
22G0917,2022,Old,9/17/2022,43915,9/17/2022,Saturday,D,Yes,September,CIN,1,0.584507042,N,4.6,25750,Teenplus,Jersey,Clothes,Yes,0.584507042,0.11,,1,0,79,89,71,2524153.99,3097360.55,2227822.25,72.91
22G0717,2022,Old,9/17/2022,35757,9/17/2022,Saturday,N,Yes,September,CIN,1,0.584507042,Y,0,13000,Kids,Toy,Item,Yes,0.584507042,0.11,,1,0,79,89,71,2451930.29,3576534.12,2616768.93,76.48
22G0918,2022,Old,9/18/2022,44830,9/18/2022,Sunday,D,No,September,CIN,1,0.58041958,Y,3.85,25750,Teenplus,Bobblehead,Clothes,Yes,0.58041958,0.09,,1,0.08,78,88,69,2776121.64,3854697.02,2875118.71,82.1
22G0930,2022,Old,9/30/2022,43569,9/30/2022,Friday,N,No,September,PIT,2,0.572368421,Y,3.65,25750,Teenplus,Bobblehead,Clothes,Yes,0.572368421,0.01,Concert,2,0,60,74,47,2957606.07,4329840.34,3183548.6,94.47
22G1001,2022,Old,10/1/2022,44228,10/1/2022,Saturday,N,No,October,PIT,2,0.575163399,Y,3.75,25750,Teenplus,Bobblehead,Clothes,Yes,0.575163399,0.01,,1,0,62,76,47,3782758.72,5237910.76,3973525.54,114.61
22G1002,2022,Old,10/2/2022,45310,10/2/2022,Sunday,D,No,October,PIT,2,0.571428571,Y,3.64,25750,Teenplus,Art,Item,Yes,0.571428571,0.01,,1,0,64,79,49,4353615.23,6241767.08,4702697.96,135.07
23G0401,2023,Old,4/1/2023,37700,4/1/2023,Saturday,D,No,April,TOR,3,0.5,Y,3.9,25750,Teenplus,Bobblehead,Bobblehead,Yes,0.5,0.86,stlcity,2,0,55,62,40,2315460.56,3457197.68,2414485.39,72.17
23G0402,2023,Old,4/2/2023,40332,4/2/2023,Sunday,D,No,April,TOR,3,0.666666667,Y,5.5,25750,Teenplus,Hoodie,Clothes,Yes,0.666666667,0.88,blues,2,0,52,73,37,2078813.58,3171964.08,2200456.78,61.84
23G0403,2023,Old,4/3/2023,31686,4/3/2023,Monday,N,Yes,April,ATL,1,0.5,N,0,0,0,0,0,No,0.5,0.97,,1,0,67,79,54,1609107.39,2310410.04,1628187.75,54.17
23G0404,2023,Old,4/4/2023,26242,4/4/2023,Tuesday,N,Yes,April,ATL,1,0.4,N,0,0,0,0,0,No,0.4,0.98,blues,2,0,74,85,65,1531483.16,2085287.58,1489422.18,52.68
23G0405,2023,Old,4/5/2023,26684,4/5/2023,Wednesday,D,No,April,ATL,1,0.333333333,N,0,0,0,0,0,No,0.333333333,0.9,,1,0.7,68,79,44,1651274.95,2309911.92,1632654.53,61.07
23G0413,2023,Old,4/13/2023,28574,4/13/2023,Thursday,N,Yes,April,PIT,2,0.384615385,N,0,0,0,0,0,No,0.384615385,0.91,,1,0,70,81,51,1601539.18,2229190.18,1576552.55,53.46
23G0414,2023,Old,4/14/2023,36036,4/14/2023,Friday,N,Yes,April,PIT,2,0.428571429,Y,3.85,25750,Teenplus,Bobblehead,Bobblehead,Yes,0.428571429,0.85,Concert,2,0,70,82,56,1978382.79,2847258.89,2023644.02,61.66
23G0415,2023,Old,4/15/2023,31519,4/15/2023,Saturday,D,Yes,April,PIT,2,0.4,Y,3.19,25750,Teenplus,Toy,Item,Yes,0.4,0.89,stlcity,2,1.68,70,78,52,2089030.23,2917705.62,2090553.78,67.26
23G0416,2023,Old,4/16/2023,31214,4/16/2023,Sunday,D,Yes,April,PIT,2,0.4375,Y,4.57,25750,Teenplus,Jersey,Clothes,Yes,0.4375,0.83,battlehawks,2,0.07,49,52,42,1891156.39,2611777.77,1866297.71,60.96
23G0417,2023,Old,4/17/2023,27107,4/17/2023,Monday,N,Yes,April,ARI,2,0.411764706,Y,3.47,25750,Teenplus,Tshirt,Clothes,No,0.411764706,0.85,,1,0,52,68,43,1499438.86,2023738.29,1467194.39,50.95
23G0418,2023,Old,4/18/2023,25362,4/18/2023,Tuesday,N,Yes,April,ARI,2,0.388888889,N,0,0,0,0,0,No,0.388888889,0.78,,1,0,58,73,44,1719254.5,2275007.34,1646486.89,58.91
23G0419,2023,Old,4/19/2023,27166,4/19/2023,Wednesday,D,No,April,ARI,2,0.421052632,N,0,0,0,0,0,No,0.421052632,0.68,,1,0,69,85,55,1747567.63,2344953.06,1687636.12,56.48
23G0502,2023,Old,5/2/2023,28473,5/2/2023,Tuesday,N,Yes,May,LAA,3,0.333333333,Y,3.9,15000,Teenplus,Tshirt,Clothes,No,0.333333333,0.4,,1,0,56,68,46,1684495.61,2276133.07,1632996.67,56.38
23G0503,2023,Old,5/3/2023,38651,5/3/2023,Wednesday,N,Yes,May,LAA,3,0.322580645,N,0,0,0,0,0,No,0.322580645,0.39,,1,0,56,70,43,1899625.24,2752884.76,1939278.22,56.6
23G0504,2023,Old,5/4/2023,32953,5/4/2023,Thursday,D,Yes,May,LAA,3,0.3125,N,0,0,0,0,0,No,0.3125,0.36,,1,0,61,77,45,2052846.63,2865752.08,2034882.92,63.87
23G0505,2023,Old,5/5/2023,28070,5/5/2023,Friday,N,Yes,May,DET,4,0.303030303,Y,3.9,25750,Teenplus,Purse,Item,Yes,0.303030303,0.31,,1,0,66,76,56,1902740.69,2599314.39,1878869.92,65.63
23G0506,2023,Old,5/6/2023,31804,5/6/2023,Saturday,N,No,May,DET,4,0.294117647,Y,3.85,25750,Teenplus,Bobblehead,Bobblehead,Yes,0.294117647,0.29,Concert,2,0,68,81,63,2166592.7,3000942.04,2160127.04,69.98
23G0507,2023,Old,5/7/2023,34205,5/7/2023,Sunday,D,Yes,May,DET,4,0.314285714,Y,4.46,11000,Kids,Shirt,Clothes,Yes,0.314285714,0.26,,1,0,80,93,65,2110108.16,2898398.59,2094668.63,60.33
23G0515,2023,Old,5/15/2023,23528,5/15/2023,Monday,N,Yes,May,MIL,2,0.404761905,N,0,0,0,0,0,No,0.404761905,0.52,,1,0.01,68,75,63,1573505.99,2051469.5,1493085.07,55.77
23G0516,2023,Old,5/16/2023,23468,5/16/2023,Tuesday,N,Yes,May,MIL,2,0.395348837,N,0,0,0,0,0,No,0.395348837,0.57,,1,0.2,65,69,60,1607863.01,2092383.86,1517337.52,56.6
23G0517,2023,Old,5/17/2023,24782,5/17/2023,Wednesday,N,Yes,May,MIL,2,0.409090909,N,0,0,0,0,0,No,0.409090909,0.56,,1,0,68,83,57,1587106.08,2132799.61,1528518.32,55.89
23G0518,2023,Old,5/18/2023,31282,5/18/2023,Thursday,N,Yes,May,LAD,1,0.422222222,N,0,0,0,0,0,No,0.422222222,0.54,,1,0,73,83,62,1736657.91,2446736.83,1733928.75,58.57
23G0519,2023,Old,5/19/2023,38731,5/19/2023,Friday,N,Yes,May,LAD,1,0.413043478,Y,5.5,25750,Teenplus,Tumbler,Item,Yes,0.413043478,0.6,,1,0,74,83,58,2402665.68,3449826.39,2464428.67,69.45
23G0520,2023,Old,5/20/2023,40418,5/20/2023,Saturday,N,No,May,LAD,1,0.425531915,Y,2.95,25750,Teenplus,Stein,Item,Yes,0.425531915,0.53,"stlcity,concert",2,0,63,73,53,2643402.94,3648155,2679770.36,72
23G0521,2023,Old,5/21/2023,38716,5/21/2023,Sunday,D,Yes,May,LAD,1,0.4375,Y,3.75,25750,Teenplus,Umbrella,Item,Yes,0.4375,0.63,,1,0,66,78,52,2296722.54,3301830.32,2355644.6,66.33
23G0529,2023,Old,5/29/2023,42389,5/29/2023,Monday,D,Yes,May,KCR,2,0.428571429,Y,3.99,25750,Teenplus,Shirt,Clothes,No,0.428571429,0.62,,1,0,74,87,60,2221074.78,3285010.91,2312671.81,62.65
23G0530,2023,Old,5/30/2023,34651,5/30/2023,Tuesday,N,Yes,May,KCR,2,0.438596491,N,0,0,0,0,0,No,0.438596491,0.56,,1,0,77,90,62,1775882.2,2449632.64,1745871.98,56.24
23G0609,2023,Old,6/9/2023,36405,6/9/2023,Friday,N,Yes,June,CIN,1,0.421875,Y,3.3,25750,Teenplus,Hat,Clothes,Yes,0.421875,0.38,,1,0,70,84,58,2212934.62,3096341.31,2235757.38,63.92
23G0610,2023,Old,6/10/2023,39432,6/10/2023,Saturday,D,No,June,CIN,1,0.415384615,Y,4.17,11000,Kids,Jersey,Clothes,Yes,0.415384615,0.39,,1,0.09,75,88,62,2746115.38,3898638.14,2816327.63,77.61
23G0611,2023,Old,6/11/2023,30748,6/11/2023,Sunday,D,Yes,June,CIN,1,0.409090909,Y,4.05,25750,Teenplus,Bobblehead,Bobblehead,Yes,0.409090909,0.37,stlcity,2,1.02,72,71,62,2182523.48,2852737.16,2103958.24,64.52
23G0612,2023,Old,6/12/2023,33777,6/12/2023,Monday,N,Yes,June,SFG,2,0.402985075,N,0,0,0,0,0,No,0.402985075,0.32,,1,0,65,74,58,1838156.49,2521611.25,1808718.52,55.31
23G0613,2023,Old,6/13/2023,32580,6/13/2023,Tuesday,N,Yes,June,SFG,2,0.397058824,N,0,0,0,0,0,No,0.397058824,0.24,,1,0,70,84,60,2021877.53,2734857.87,1984936.87,60.57
23G0614,2023,Old,6/14/2023,31042,6/14/2023,Wednesday,D,No,June,SFG,2,0.391304348,N,0,0,0,0,0,No,0.391304348,0.22,,1,0,77,90,64,1934479.71,2612737.27,1874771.68,60.9
23G0627,2023,Old,6/27/2023,34949,6/27/2023,Tuesday,N,Yes,June,HOU,2,0.423076923,Y,3.7,15000,Teenplus,Tshirt,Clothes,No,0.423076923,0.18,,1,0,78,89,67,1963221.68,2751178.89,2009744.34,60.08
23G0628,2023,Old,6/28/2023,31612,6/28/2023,Wednesday,N,Yes,June,HOU,2,0.417721519,N,0,0,0,0,0,No,0.417721519,0.19,,1,0,80,93,70,1959017.51,2665402.75,1968878.3,59.77
23G0629,2023,Old,6/29/2023,31579,6/29/2023,Thursday,N,Yes,June,HOU,2,0.4125,N,0,0,0,0,0,No,0.4125,0.14,,1,0,85,95,77,1996327.37,2722413.79,2012000.34,60.25
23G0630,2023,Old,7/1/2023,17750,7/1/2023,Saturday,D,No,July,NYY,1,0.419753086,Y,3.8,25750,Teenplus,Bobblehead,Bobblehead,Yes,0.419753086,0.1,"stlcity,concert",2,1.65,80,95,70,2885262.05,4081717.82,3082854.22,88.7
23G0701,2023,Old,7/1/2023,34331,7/1/2023,Saturday,N,No,July,NYY,1,0.414634146,N,0,0,0,0,0,Yes,0.414634146,0.13,,1,1.65,80,95,70,3042223.82,4008087.41,3001483.48,102.68
23G0702,2023,Old,7/2/2023,35955,7/2/2023,Sunday,D,No,July,NYY,1,0.421686747,N,0,0,0,0,0,Yes,0.421686747,0.1,,1,0.03,76,87,67,2715453.15,3751552.09,2793614.97,79.37
23G0714,2023,Old,7/15/2023,32411,7/14/2023,Friday,N,Yes,July,WAS,3,0.417582418,Y,4.25,25750,Teenplus,Jersey,Clothes,Yes,0.417582418,0.07,,1,0.1,78,89,71,2174316.71,3044558.29,2220847.18,68.18
23G0715,2023,Old,7/15/2023,36663,7/15/2023,Saturday,N,No,July,WAS,3,0.423913043,Y,4.3,25750,Teenplus,Bobblehead,Bobblehead,Yes,0.423913043,0.08,stlcity,2,0.1,78,89,71,2370804.76,3410143.47,2494829.57,73.98
23G0716,2023,Old,7/16/2023,30360,7/16/2023,Sunday,D,Yes,July,WAS,3,0.430107527,Y,4.73,25750,Teenplus,Hat,Clothes,Yes,0.430107527,0.08,,1,0.03,79,92,70,2174264.51,2810598.97,2111760.82,64.05
23G0717,2023,Old,7/17/2023,23218,7/17/2023,Monday,N,Yes,July,MIA,4,0.436170213,N,0,0,0,0,0,No,0.436170213,0.1,,1,0,78,90,70,1592093.21,2086725.81,1546006.62,56.85
23G0718,2023,Old,7/18/2023,28332,7/18/2023,Tuesday,N,Yes,July,MIA,4,0.442105263,N,0,0,0,0,0,No,0.442105263,0.11,,1,0,78,84,71,1716793.08,2282105.62,1677255.95,56.1
23G0719,2023,Old,7/19/2023,22485,7/19/2023,Wednesday,D,No,July,MIA,4,0.447916667,N,0,0,0,0,0,No,0.447916667,0.14,,1,0,79,87,74,1781850.04,2302906.22,1700474.17,63.7
23G0727,2023,Old,7/27/2023,35030,7/27/2023,Thursday,N,Yes,July,CHC,1,0.442307692,N,0,0,0,0,0,No,0.442307692,0.13,,1,0,90,100,82,2464869.3,3276091.61,2455355.34,68.8
23G0728,2023,Old,7/28/2023,33257,7/28/2023,Friday,N,No,July,CHC,1,0.438095238,N,0,0,0,0,0,Yes,0.438095238,0.09,,1,0,93,101,85,2728636.85,3583595.7,2730471.17,77.86
23G0729,2023,Old,7/29/2023,35002,7/29/2023,Saturday,N,No,July,CHC,1,0.433962264,N,0,0,0,0,0,Yes,0.433962264,0.07,,1,0.29,89,98,73,3166061.1,4213200.68,3205727.57,88.69
23G0730,2023,Old,7/30/2023,33914,7/30/2023,Sunday,D,No,July,CHC,1,0.439252336,N,0,0,0,0,0,Yes,0.439252336,0.05,,1,0,79,90,73,2603058.75,3473842.31,2614602.56,75.65
23G0801,2023,Old,8/1/2023,26551,8/1/2023,Tuesday,N,Yes,August,MIN,3,0.435185185,N,0,0,0,0,0,No,0.435185185,0.06,,1,0.01,78,86,72,1669952.72,2180556.91,1618584.64,55.93
23G0802,2023,Old,8/2/2023,20511,8/2/2023,Wednesday,N,Yes,August,MIN,3,0.440366972,N,0,0,0,0,0,No,0.440366972,0.03,,1,0.81,77,83,71,1621980.2,2025961.4,1520959.44,58.42
23G0803,2023,Old,8/3/2023,25631,8/3/2023,Thursday,N,Yes,August,MIN,3,0.436363636,N,0,0,0,0,0,No,0.436363636,0.05,,1,0.09,78,84,73,1732303.76,2265225.18,1679488.78,58.87
23G0804,2023,Old,8/4/2023,30803,8/4/2023,Friday,N,Yes,August,COL,3,0.432432432,Y,3.8,25750,Teenplus,Bobblehead,Bobblehead,Yes,0.432432432,0.02,,1,0.12,81,89,77,2054483.26,2756748.78,2048874.49,66.68
23G0805,2023,Old,8/5/2023,30569,8/5/2023,Saturday,N,No,August,COL,3,0.4375,Y,4.57,25750,Teenplus,Jersey,Clothes,Yes,0.4375,0.03,,1,0.95,81,88,72,2267902.11,2986527.37,2248914.61,73.26
23G0806,2023,Old,8/6/2023,26261,8/6/2023,Sunday,D,No,August,COL,3,0.433628319,Y,2.42,11000,Kids,Hat,Clothes,Yes,0.433628319,0.04,,1,0.09,78,92,70,2025929.67,2629365.16,1972219.4,64.98
23G0814,2023,Old,8/14/2023,21075,8/14/2023,Monday,N,Yes,August,OAK,4,0.445378151,N,0,0,0,0,0,No,0.445378151,0.04,,1,0.35,76,84,69,1670285.02,2107113.88,1621479.82,59.68
23G0815,2023,Old,8/15/2023,18119,8/15/2023,Tuesday,N,Yes,August,OAK,4,0.45,N,0,0,0,0,0,No,0.45,0.04,,1,0,71,78,65,1410006.51,1787255.88,1357689.46,54.93
23G0816,2023,Old,8/16/2023,19057,8/16/2023,Wednesday,D,Yes,August,OAK,4,0.446280992,N,0,0,0,0,0,No,0.446280992,0.06,,1,0,72,84,62,1519185.73,1908191.04,1425889.35,57.15
23G0817,2023,Old,8/17/2023,22239,8/17/2023,Thursday,N,Yes,August,NYM,4,0.442622951,N,0,0,0,0,0,No,0.442622951,0.04,concert,2,0.03,76,87,66,1707419.29,2173980.56,1629595.82,58.86
23G0818,2023,Old,8/18/2023,30573,8/18/2023,Friday,N,Yes,August,NYM ,4,0.43902439,Y,4,25750,Teenplus,Bobblehead,Bobblehead,Yes,0.43902439,0.02,,1,0,73,84,61,2115645.76,2753955.16,2083348.37,62.3
23G0819,2023,Old,8/19/2023,29963,8/19/2023,Saturday,N,No,August,NYM,4,0.435483871,Y,0.86,25750,Teenplus,Hat,Clothes,Yes,0.435483871,0.01,,1,0,77,90,68,2348556.29,3034899.68,2298152.58,71.52
23G0820,2023,Old,8/20/2023,21948,8/20/2023,Sunday,D,Yes,August,NYM,4,0.44,Y,2.49,25750,Teenplus,Art,Item,Yes,0.44,0.01,stlcity,2,0,85,100,75,1972463.43,2433558.17,1865594.02,65.92
23G0828,2023,Old,8/28/2023,19790,8/28/2023,Monday,N,Yes,August,SDP,4,0.424242424,N,0,0,0,0,0,No,0.424242424,0,,1,0,74,83,67,1509147.04,1906701.25,1438773.46,53.1
23G0829,2023,Old,8/29/2023,23176,8/29/2023,Tuesday,N,Yes,August,SDP,4,0.428571429,Y,3.7,15000,Teenplus,Shirt,Clothes,No,0.428571429,0,,1,0,76,87,64,1631584.32,2044409.02,1532782.63,54.01
23G0830,2023,Old,8/30/2023,15915,8/30/2023,Wednesday,D,Yes,August,SDP,4,0.432835821,N,0,0,0,0,0,No,0.432835821,0,stlcity,2,0,76,82,65,1634844.43,1983587.02,1494739.95,62.61
23G0901,2023,Old,9/1/2023,24032,9/1/2023,Friday,N,Yes,September,PIT,2,0.42962963,Y,2.9,25750,Teenplus,Hat,Clothes,Yes,0.42962963,0,,1,0,71,84,59,1810150.53,2301162.7,1750482.51,64.97
23G0902,2023,Old,9/2/2023,32005,9/2/2023,Saturday,N,No,September,PIT,2,0.426470588,Y,5.9,25750,Teenplus,Purse,Clothes,Yes,0.426470588,0,,1,0,76,92,60,2034848.89,2780145.61,2056796.42,67.14
23G0903,2023,Old,9/3/2023,26398,9/3/2023,Sunday,D,Yes,September,PIT,2,0.430656934,Y,2.71,25750,Teenplus,Flag,Item,Yes,0.430656934,0,,1,0,82,93,74,1877485.43,2501557.3,1841160.37,67.37
23G0915,2023,Old,9/15/2023,34153,9/15/2023,Friday,N,Yes,September,PHI,2,0.442176871,Y,5.4,25750,Teenplus,Sweater,Clothes,Yes,0.442176871,0,,1,0,69,83,53,2170994.65,2921437.22,2187060.5,63.87
23G0916,2023,Old,9/16/2023,32808,9/16/2023,Saturday,N,No,September,PHI,2,0.439189189,Y,3.95,25750,Teenplus,Bobblehead,Bobblehead,Yes,0.439189189,0,,1,0,69,78,59,2330973.17,3044208.69,2301390.26,67.47
23G0917,2023,Old,9/17/2023,28820,9/17/2023,Sunday,D,Yes,September,PHI,2,0.44295302,Y,0,11000,Kids,Toy,Item,Yes,0.44295302,0,,1,0,67,80,57,1978695.05,2566918.54,1928143.09,60.68
23G0918,2023,Old,9/18/2023,21437,9/18/2023,Monday,N,Yes,September,MIL,2,0.446666667,N,0,0,0,0,0,No,0.446666667,0,,1,0,67,81,56,1524395.94,1951595.7,1457811.08,57.2
23G0919,2023,Old,9/19/2023,22056,9/19/2023,Tuesday,N,Yes,September,MIL,2,0.443708609,Y,3.47,15000,Teenplus,Tshirt,Clothes,No,0.443708609,0,,1,0,73,88,63,1591400.47,2002688.02,1498935.8,54.7
23G0920,2023,Old,9/20/2023,21731,9/20/2023,Wednesday,N,Yes,September,MIL,2,0.440789474,Y,0,25000,Any,Decal,Item,No,0.440789474,0,stlcity,2,0.03,72,76,64,1728262.29,2108701.82,1605273.45,64.43
23G0921,2023,Old,9/21/2023,20498,9/21/2023,Thursday,D,No,September,MIL,2,0.437908497,N,0,0,0,0,0,No,0.437908497,0,,1,0.33,72,85,62,1724085.73,2127308.45,1589910.67,66.65
23G0929,2023,Old,9/29/2023,29702,9/29/2023,Friday,N,Yes,September,CIN,1,0.43125,Y,5.95,25750,Teenplus,Shirt,Clothes,Yes,0.43125,0,,1,0,75,88,66,2029577.65,2607592,1970719.06,71.81
23G0930,2023,Old,9/30/2023,29342,9/30/2023,Saturday,N,No,September,CIN,1,0.434782609,Y,2.9,25750,Teenplus,Hat,Clothes,Yes,0.434782609,0,stlcity,2,0,78,90,68,2158292.09,2890551.67,2165034.2,79.41
23G1001,2023,Old,10/1/2023,36132,10/1/2023,Sunday,D,No,October,CIN,1,0.438271605,Y,7.95,48500,Teenplus,Guitar,Item,Yes,0.438271605,0,,1,0,76,86,63,2685675.7,3563178.39,2710512.01,84.88
24G0406,2024,Old,4/6/2024,31334,4/6/2024,Saturday,D,No,April,MIA,4,0.555555556,Y,3.7,25750,Teenplus,Bobblehead,Bobblehead,Yes,0.555555556,0.93,stlcity,2,0,48,62,36,2027971.74,2958043.8,2053785.29,84.16
24G0407,2024,Old,4/7/2024,33528,4/7/2024,Sunday,D,Yes,April,MIA,4,0.5,Y,4.85,25750,Teenplus,Hoodie,Clothes,Yes,0.5,0.94,,1,0,60,77,51,1932570.01,2749052.56,1919827.99,73.35
24G0408,2024,Old,4/8/2024,23254,4/8/2024,Monday,N,Yes,April,PHI,2,0.454545455,N,0,0,0,0,0,No,0.454545455,0.93,,1,0,65,80,49,1421884.82,1922332.99,1369648.75,65.25
24G0409,2024,Old,4/9/2024,24663,4/9/2024,Tuesday,N,Yes,April,PHI,2,0.5,N,0,0,0,0,0,No,0.5,0.91,,1,0,65,72,53,1423701.06,1962348.01,1369988.25,66.52
24G0410,2024,Old,4/10/2024,19389,4/10/2024,Wednesday,D,No,April,PHI,2,0.461538462,N,0,0,0,0,0,No,0.461538462,0.88,blues,2,1.18,60,62,53,1521734.06,1964151.41,1405491.83,68.92
24G0419,2024,Old,4/19/2024,34616,4/19/2024,Friday,N,Yes,April,MIL,2,0.45,Y,3.5,25750,Teenplus,Bobblehead,Bobblehead,Yes,0.45,0.93,,1,0,55,62,47,1900470.71,2761915.3,1918955.9,72.37
24G0420,2024,Old,4/20/2024,36318,4/20/2024,Saturday,D,No,April,MIL,2,0.428571429,Y,7.1,25750,Teenplus,Jacket,Clothes,Yes,0.428571429,0.87,,1,0,53,61,42,2158886.65,3162875.35,2207155.4,79.33
24G0421,2024,Old,4/21/2024,34021,4/21/2024,Sunday,D,Yes,April,MIL,2,0.409090909,Y,4,25750,Teenplus,Hat,Clothes,Yes,0.409090909,0.82,,1,0,49,60,38,1833372.72,2675545.41,1850413.56,69.96
24G0422,2024,Old,4/22/2024,22005,4/22/2024,Monday,N,Yes,April,ARI,2,0.434782609,N,0,0,0,0,0,No,0.434782609,0.76,,1,0,55,72,41,1365106.43,1818955.54,1302011.71,62.01
24G0423,2024,Old,4/23/2024,19916,4/23/2024,Tuesday,N,Yes,April,ARI,2,0.416666667,N,0,0,0,0,0,No,0.416666667,0.76,,1,0.44,61,66,51,1423463.46,1839441.3,1308567.81,64.31
24G0424,2024,Old,4/24/2024,25401,4/24/2024,Wednesday,D,No,April,ARI,2,0.44,N,0,0,0,0,0,No,0.44,0.7,,1,0,57,69,44,1605964.17,2113068.17,1500255.77,64.19
24G0503,2024,Old,5/3/2024,29104,5/3/2024,Friday,N,Yes,May,CWS,3,0.46875,Y,4.75,25750,Teenplus,Jersey,Clothes,Yes,0.46875,0.75,Concert,2,0.29,68,76,63,1761759.85,2480486.02,1733834.79,76.64
24G0504,2024,Old,5/4/2024,31023,5/4/2024,Saturday,D,No,May,CWS,3,0.454545455,Y,3.45,25750,Teenplus,Bobblehead,Bobblehead,Yes,0.454545455,0.78,,1,0.33,71,86,61,2075287.8,2930689.35,2069327.83,81.56
24G0505,2024,Old,5/5/2024,37038,5/5/2024,Sunday,D,Yes,May,CWS,3,0.441176471,Y,5.65,25750,Teenplus,Purse,Clothes,Yes,0.441176471,0.72,,1,0.08,65,70,56,1987730.74,2812420.53,1980067.56,68.54
24G0506,2024,Old,5/6/2024,20226,5/6/2024,Monday,N,Yes,May,NYM,4,0.428571429,N,0,0,0,0,0,No,0.428571429,0.73,,1,0.14,68,79,62,1407913.29,1831290.57,1314686.64,66.14
24G0507,2024,Old,5/7/2024,22110,5/7/2024,Tuesday,N,Yes,May,NYM,4,0.416666667,N,0,0,0,0,0,No,0.416666667,0.68,Concert,2,0.25,76,86,61,1493151.8,2190147.81,1473682.68,77.49
24G0517,2024,Old,5/17/2024,28690,5/17/2024,Friday,N,No,May,BOS,2,0.431818182,Y,3.55,25750,Teenplus,Hat,Clothes,Yes,0.431818182,0.54,,1,0,72,84,66,1681303.83,2655536.45,1920962.15,75.78
24G0518,2024,Old,5/18/2024,34867,5/18/2024,Saturday,N,No,May,BOS,2,0.444444444,Y,4.32,25750,Teenplus,Jersey,Clothes,Yes,0.444444444,0.63,Concert,2,0,75,88,64,1968208.12,3129666.87,2234542.63,80.76
24G0519,2024,Old,5/19/2024,28304,5/19/2024,Sunday,D,Yes,May,BOS,2,0.434782609,Y,1.95,11000,Kids,Toy,Item,Yes,0.434782609,0.62,"Concert,Football",2,0,81,91,70,2220035.02,2665608.08,1931966.94,74.65
24G0520,2024,Old,5/20/2024,29787,5/20/2024,Monday,N,Yes,May,BAL,4,0.446808511,N,0,0,0,0,0,No,0.446808511,0.6,,1,0,81,87,73,1991000.33,2283404.24,1573000.3,68.05
24G0521,2024,Old,5/21/2024,22329,5/21/2024,Tuesday,N,Yes,May,BAL,4,0.458333333,N,0,0,0,0,0,No,0.458333333,0.62,,1,0.32,82,91,73,1596724.22,2097169.95,1486995.68,71.27
24G0522,2024,Old,5/22/2024,23887,5/22/2024,Wednesday,D,Yes,May,BAL,4,0.469387755,N,0,0,0,0,0,No,0.469387755,0.67,,1,0.11,72,76,63,1617417.68,2347113.04,1619560.75,78.21
24G0525,2024,Old,5/25/2024,41004,5/25/2024,Saturday,N,No,May,CHC,1,0.48,N,0,0,0,0,0,Yes,0.48,0.82,stlcity,2,0,71,82,63,1689932.37,4744656.36,3136951.98,109.91
24G0526,2024,Old,5/26/2024,29651,5/26/2024,Sunday,N,No,May,CHC,1,0.490196078,N,0,0,0,0,0,Yes,0.490196078,0.91,,1,1.74,76,87,64,2425503.39,3283493.78,2331818.81,89.35
24G0606,2024,Old,6/6/2024,27043,6/6/2024,Thursday,N,Yes,June,COL,3,0.475409836,N,0,0,0,0,0,No,0.475409836,0.85,,1,0,76,86,65,2719244.44,2254310.32,1565298.29,72.19
24G0607,2024,Old,6/7/2024,29341,6/7/2024,Friday,D,Yes,June,COL,3,0.483870968,Y,4.01,25750,Teenplus,Shirt,Clothes,Yes,0.483870968,0.76,,1,0,76,90,61,2320237.91,2606801.64,1826213.89,78.48
24G0608,2024,Old,6/8/2024,26223,6/8/2024,Saturday,D,No,June,COL,3,0.476190476,Y,3.4,25750,Teenplus,Bobblehead,Bobblehead,Yes,0.476190476,0.8,stlcity,2,0.29,78,88,69,1616034.2,2649512.07,1884728.37,83.53
24G0609,2024,Old,6/9/2024,31502,6/9/2024,Sunday,D,No,June,COL,3,0.484375,Y,4.08,12000,Teenplus,Jersey,Clothes,Yes,0.484375,0.71,Football,2,0,74,81,64,1810077.69,2714988.56,1931168.3,72.71
24G0611,2024,Old,6/11/2024,28556,6/11/2024,Tuesday,N,Yes,June,PIT,2,0.476923077,N,0,0,0,0,0,No,0.476923077,0.86,,1,0,71,84,58,1935954.25,2358227.55,1654936.2,72.59
24G0612,2024,Old,6/12/2024,28466,6/12/2024,Wednesday,N,Yes,June,PIT,2,0.484848485,N,0,0,0,0,0,No,0.484848485,0.84,,1,0,79,91,69,1970205.06,2272597.83,1579085.41,67.3
24G0613,2024,Old,6/13/2024,24271,6/13/2024,Thursday,N,No,June,PIT,2,0.492537313,N,0,0,0,0,0,No,0.492537313,0.87,,1,0.05,83,95,72,1713539.86,2292348.09,1607326.36,75.22
24G0622,2024,Old,6/22/2024,35128,6/22/2024,Saturday,D,No,June,SFG,2,0.506666667,Y,5.3,25750,Teenplus,Tumbler,Item,Yes,0.506666667,0.94,"stlcity,concert",2,0,87,95,79,1613272.23,3338337.19,2369085.43,84.26
24G0623,2024,Old,6/23/2024,26610,6/23/2024,Sunday,D,Yes,June,SFG,2,0.513157895,Y,3.35,25750,Teenplus,Hat,Clothes,Yes,0.513157895,0.96,concert,2,0,87,94,78,1718181.31,2516541.22,1819946.69,73.99
24G0624,2024,Old,6/24/2024,27873,6/24/2024,Monday,N,Yes,June,ATL,1,0.519480519,N,0,0,0,0,0,No,0.519480519,1.06,,1,0,85,97,73,2368237.52,2359812.3,1672295.01,70.94
24G0625,2024,Old,6/26/2024,22572,6/25/2024,Wednesday,N,Yes,June,ATL,1,0.512820513,N,0,0,0,0,0,No,0.512820513,1.09,,1,0.31,76,85,71,1898964.42,2277166.22,1590987.86,129.66
24G0626,2024,Old,6/26/2024,25860,6/26/2024,Wednesday,N,Yes,June,ATL,1,0.512820513,N,0,0,0,0,0,No,0.512820513,1.04,,1,0.31,76,85,71,1710065.23,2199854.54,1557961.65,70.22
24G0627,2024,Old,6/27/2024,23065,6/27/2024,Thursday,N,Yes,June,CIN,1,0.5125,N,0,0,0,0,0,No,0.5125,1.02,,1,0,79,89,69,1622011.41,2065486.96,1462693.81,69.98
24G0628,2024,Old,6/28/2024,34969,6/28/2024,Friday,N,Yes,June,CIN,1,0.518518519,Y,4,25750,Teenplus,Bobblehead,Bobblehead,Yes,0.518518519,1.01,,1,0,82,89,76,1624794.66,2998933.27,2161194.09,78.06
24G0629,2024,Old,6/29/2024,29412,6/29/2024,Saturday,D,No,June,CIN,1,0.512195122,Y,5.15,25750,Teenplus,Jersey,Clothes,Yes,0.512195122,1.01,,1,0,84,93,77,1519708.74,2967988.16,2166198.93,82.84
24G0630,2024,Old,6/30/2024,32988,6/30/2024,Sunday,D,Yes,June,CIN,1,0.518072289,Y,6,11952,Kids,Glove,Item,Yes,0.518072289,1.04,,1,0,80,83,68,2085601.81,2807001.23,2009051.48,73.52
24G0709,2024,Old,7/10/2024,16182,7/10/2024,Wednesday,D,Yes,July,KCR,2,0.527472527,N,0,0,0,0,0,No,0.527472527,1.15,,1,0,76,89,69,2153004.42,1931679.85,1447107.31,71.96
24G0710,2024,Old,7/10/2024,32077,7/10/2024,Wednesday,N,No,July,KCR,2,0.527472527,Y,3.4,15000,Teenplus,Tshirt,Clothes,No,0.527472527,1.09,concert,2,0,76,89,69,1977260.32,2558960.33,1834717.22,71.12
24G0712,2024,Old,7/12/2024,34785,7/12/2024,Friday,N,No,July,CHC,1,0.516129032,N,0,0,0,0,0,Yes,0.516129032,1.2,,1,0,82,93,73,1550934.94,3465049.15,2556551.39,89.14
24G0524,2024,Old,7/13/2024,33468,7/13/2024,Saturday,D,No,July,CHC,1,0.521276596,N,0,0,0,0,0,Yes,0.521276596,1.14,stlcity,2,0,83,92,75,1837824.01,3582602.06,2653968.39,99.49
24G0713,2024,Old,7/13/2024,29326,7/13/2024,Saturday,N,No,July,CHC,1,0.521276596,N,0,0,0,0,0,Yes,0.521276596,1.2,,1,0,83,92,75,2511842.39,3346936.96,2480906.32,82.84
24G0714,2024,Old,7/14/2024,27907,7/14/2024,Sunday,D,No,July,CHC,1,0.520833333,N,0,0,0,0,0,Yes,0.520833333,1.26,,1,0,87,96,78,2665305.59,3016446.8,2234752.01,84.68
24G0726,2024,Old,7/26/2024,35050,7/26/2024,Friday,N,Yes,July,WAS,3,0.514563107,Y,3.4,25750,Teenplus,Bobblehead,Bobblehead,Yes,0.514563107,1.12,,1,0,80,88,73,2269342.77,2886935.7,2093285.49,73.45
24G0727,2024,Old,7/27/2024,31620,7/27/2024,Saturday,N,No,July,WAS,3,0.509615385,Y,3.31,25750,Teenplus,Jersey,Clothes,Yes,0.509615385,1.08,stlcity,2,0.08,78,83,71,2059808.51,3154669.42,2279907.24,86.08
24G0728,2024,Old,7/28/2024,27943,7/28/2024,Sunday,D,No,July,WAS,3,0.514285714,Y,5.5,25750,Teenplus,Shirt,Clothes,Yes,0.514285714,1.02,,1,0,80,90,75,2208747.82,2543105.47,1834003.84,73.86
24G0729,2024,Old,7/29/2024,26105,7/29/2024,Monday,N,Yes,July,TEX,4,0.509433962,N,0,0,0,0,0,No,0.509433962,1.08,,1,0.6,81,93,71,1864482.13,2171388.72,1571352.5,68.64
24G0730,2024,Old,7/30/2024,21984,7/30/2024,Tuesday,N,Yes,July,TEX,4,0.514018692,N,0,0,0,0,0,No,0.514018692,1,concert,2,0.26,87,96,78,1600642.67,2050218.3,1474837.86,70.82
24G0731,2024,Old,7/31/2024,18812,7/31/2024,Wednesday,D,No,July,TEX,4,0.518518519,N,0,0,0,0,0,No,0.518518519,1.02,,1,0,83,93,77,1545124.33,2071931.85,1501482.06,75.49
24G0508,2024,Old,8/5/2024,20434,8/5/2024,Monday,D,No,August,NYM,4,0.504424779,N,0,0,0,0,0,No,0.504424779,1.09,,1,0,87,98,77,1631825.02,1948632.33,1467483.28,61.57
24G0806,2024,Old,8/6/2024,20456,8/6/2024,Tuesday,N,Yes,August,TBR,4,0.50877193,N,0,0,0,0,0,No,0.50877193,0.89,,1,0,86,96,68,1415751.14,1841649.31,1350516.42,63.74
24G0807,2024,Old,8/7/2024,20427,8/7/2024,Wednesday,N,Yes,August,TBR,4,0.513043478,N,0,0,0,0,0,No,0.513043478,0.97,,1,0,71,77,68,1410496.85,1851514.58,1354935.98,66.73
24G0808,2024,Old,8/8/2024,30337,8/8/2024,Thursday,N,Yes,August,TBR,4,0.50862069,Y,3.55,25750,Teenplus,Tshirt,Clothes,No,0.50862069,0.98,,1,0.01,76,86,67,1687640.65,2357217.9,1685151.5,70.14
24G0816,2024,Old,8/16/2024,31866,8/16/2024,Friday,N,Yes,August,LAD,1,0.491803279,Y,4.13,25750,Teenplus,Jersey,Clothes,Yes,0.491803279,0.53,Concert,2,0,84,95,75,2319263.56,3138511.65,2322040.82,86.02
24G0817,2024,Old,8/17/2024,37726,8/17/2024,Saturday,N,No,August,LAD,1,0.495934959,Y,3.5,25750,Teenplus,Bobblehead,Bobblehead,Yes,0.495934959,0.44,,1,0,83,90,73,2669334.21,3716604.42,2745499.13,91.48
24G0818,2024,Old,8/18/2024,32751,8/18/2024,Sunday,D,No,August,LAD,1,0.491935484,Y,5.35,25750,Teenplus,Purse,Clothes,Yes,0.491935484,0.49,,1,0,77,86,69,2186398.87,2969993.84,2179110.68,78.33
24G0820,2024,Old,8/20/2024,17492,8/20/2024,Tuesday,N,Yes,August,MIL,2,0.488,N,0,0,0,0,0,No,0.488,0.37,,1,0,72,81,63,1370946.96,1749517.22,1286674.46,67.3
24G0821,2024,Old,8/21/2024,17759,8/21/2024,Wednesday,N,Yes,August,MIL,2,0.492063492,N,0,0,0,0,0,No,0.492063492,0.25,,1,0,69,76,62,1419809.15,1832759.15,1351679.12,71.24
24G0822,2024,Old,8/22/2024,14978,8/22/2024,Thursday,D,No,August,MIL,2,0.496062992,N,0,0,0,0,0,No,0.496062992,0.34,,1,0,69,80,57,1427123.56,1779225.3,1306724.29,73.35
24G0826,2024,Old,8/26/2024,14571,8/26/2024,Monday,N,Yes,August,SDP,4,0.496183206,N,0,0,0,0,0,No,0.496183206,0.44,,1,0,89,100,78,1312771.14,1621966.03,1229312.55,66.83
24G0827,2024,Old,8/27/2024,12192,8/27/2024,Tuesday,N,Yes,August,SDP,4,0.492424242,N,0,0,0,0,0,No,0.492424242,0.27,,1,0,90,102,81,1317250.98,1582889.17,1188816.07,70.32
24G0828,2024,Old,8/28/2024,16147,8/28/2024,Wednesday,N,Yes,August,SDP,4,0.496240602,N,0,0,0,0,0,No,0.496240602,0.15,,1,0.3,86,95,74,1490579.2,1817074.44,1374755.3,68.49
24G0829,2024,Old,8/29/2024,11043,8/29/2024,Thursday,D,No,August,SDP,4,0.5,N,0,0,0,0,0,No,0.5,0.19,,1,0,85,98,76,1362202.66,1618786.12,1212919.27,74.97
24G0906,2024,Old,9/6/2024,31571,9/6/2024,Friday,N,Yes,September,SEA,2,0.503546099,Y,5.19,25750,Teenplus,Sweater,Clothes,Yes,0.503546099,0.17,,1,0,78,84,63,1915305.31,2588187.92,1904127.56,72.46
24G0907,2024,Old,9/7/2024,29567,9/7/2024,Saturday,N,No,September,SEA,2,0.507042254,Y,2.49,25750,Teenplus,Art,Item,Yes,0.507042254,0.08,,1,0,66,75,54,2018348.73,2710507.35,1985113.7,75.93
24G0908,2024,Old,9/8/2024,32698,9/8/2024,Sunday,D,Yes,September,SEA,2,0.503496503,Y,0,11000,Kids,Toy,Item,Yes,0.503496503,0.14,,1,0,62,75,48,1946191.51,2649348.53,1935265.06,68.64
24G0910,2024,Old,9/10/2024,16015,9/10/2024,Tuesday,N,Yes,September,CIN,1,0.5,N,0,0,0,0,0,No,0.5,0.07,,1,0,69,85,54,1495438.52,1826566.39,1374308.72,69.97
24G0911,2024,Old,9/11/2024,16219,9/11/2024,Wednesday,N,Yes,September,CIN,1,0.503448276,N,0,0,0,0,0,No,0.503448276,0.03,,1,0,74,90,60,1404897.78,1745720.86,1287491.77,67.59
24G0912,2024,Old,9/12/2024,19376,9/12/2024,Thursday,D,No,September,CIN,1,0.506849315,N,0,0,0,0,0,No,0.506849315,0.04,,1,0,74,83,62,1554941.54,1925962.14,1419834.71,67.21
24G0916,2024,Old,9/16/2024,14711,9/16/2024,Monday,N,Yes,September,PIT,2,0.5,N,0,0,0,0,0,No,0.5,0,,1,0,77,88,68,1271625.02,1601615.35,1214389.36,64.62
24G0917,2024,Old,9/17/2024,16728,9/17/2024,Tuesday,N,Yes,September,PIT,2,0.503311258,N,0,0,0,0,0,No,0.503311258,0,,1,0,77,90,64,1358442.87,1687533.68,1275729.05,64.22
24G0918,2024,Old,9/18/2024,15584,9/18/2024,Wednesday,N,Yes,September,PIT,2,0.506578947,N,0,0,0,0,0,No,0.506578947,0.01,,1,0,77,91,63,1365672.53,1681306.97,1260597.99,65.59
24G0919,2024,Old,9/19/2024,21241,9/19/2024,Thursday,N,Yes,September,PIT,2,0.503267974,Y,3.55,17500,Teenplus,Tshirt,Clothes,No,0.503267974,0.01,,1,0,80,92,65,1414921.74,1801548.53,1329310.3,62.23
24G0920,2024,Old,9/20/2024,26848,9/20/2024,Friday,N,Yes,September,CLE,1,0.5,Y,3.4,25750,Teenplus,Bobblehead,Bobblehead,Yes,0.5,0,,1,0,84,96,75,1795532.02,2350975.62,1728572.01,73.62
24G0921,2024,Old,9/21/2024,33272,9/21/2024,Saturday,N,No,September,CLE,1,0.503225806,Y,6.65,25750,Teenplus,Hoodie,Clothes,Yes,0.503225806,0,stlcity,2,0,85,94,75,2221515.41,2964790.2,2184655.85,76.23
24G0922,2024,Old,9/22/2024,26126,9/22/2024,Sunday,D,No,September,CLE,1,0.506410256,Y,2.95,42500,Any,Magnet,Item,Yes,0.506410256,0,concert,2,1.98,78,83,70,1949250.59,2496375.53,1871094.61,70.98
25G0327,2025,New,3/27/2025,41863,3/27/2025,Thursday,D,No,March,MIN,3,1,Y,0.438,45000,Teenplus,Schedule,Item,No,1,0.88,,1,0.73,54,67,50,4795243,7777043.22,5787438.59,124.49
25G0329,2025,New,3/29/2025,23470,3/29/2025,Saturday,D,No,March,MIN,3,1,Y,3.75,20750,Teenplus,Bobblehead,Bobblehead,Yes,1,0.91,,1,0.04,68,71,62,1559160,2320967.01,1641584.22,56.4
25G0330,2025,New,3/30/2025,18630,3/30/2025,Sunday,D,No,March,MIN,3,1,Y,5.75,25750,Teenplus,Pullover,Clothes,Yes,1,0.94,stlcity,2,0.25,67,78,47,1309141,1779606.35,1258885.18,50.38
25G0331,2025,New,3/31/2025,12750,3/31/2025,Monday,N,Yes,March,LAA,3,0.75,N,0,0,0,0,0,No,0.75,1.02,,1,0,48,55,40,981921,1271361.33,903990.79,46.77
25G0401,2025,New,4/1/2025,13402,4/1/2025,Tuesday,N,No,April,LAA,3,0.6,N,0,0,0,0,0,No,0.6,1.03,blues,2,0,49,60,38,1013510,1308830.8,911571.32,46.53
25G0402,2025,New,4/2/2025,6725,4/2/2025,Wednesday,D,No,April,LAA,3,0.666666667,N,0,0,0,0,0,No,0.666666667,0.95,,1,0.96,67,81,59,931257,1113407.63,836453.45,48.77
25G0411,2025,New,4/11/2025,26922,4/11/2025,Friday,N,Yes,April,PHI,2,0.461538462,Y,6.25,20750,Teenplus,Sweatshirt,Clothes,Yes,0.461538462,0.86,,1,0,51,56,45,1506060,2272773.52,1586975.25,51.03
25G0412,2025,New,4/12/2025,23494,4/12/2025,Saturday,D,No,April,PHI,2,0.428571429,Y,3.75,20750,Teenplus,Pet toy,Item,Yes,0.428571429,0.89,,1,0,52,65,37,1529172,2271744.46,1597384.65,54.73
25G0413,2025,New,4/13/2025,24428,4/13/2025,Sunday,D,Yes,April,PHI,2,0.466666667,Y,4.29,20750,Any,Hat,Clothes,Yes,0.466666667,0.87,stlcity,2,0,63,84,52,1391461,1998411.81,1427285.19,46.37
25G0414,2025,New,4/14/2025,14664,4/14/2025,Monday,N,No,April,HOU,2,0.5,N,0,0,0,0,0,No,0.5,0.82,,1,0,68,73,55,966323,1339336.64,949011.03,46.65
25G0415,2025,New,4/15/2025,14819,4/15/2025,Tuesday,N,No,April,HOU,2,0.470588235,N,0,0,0,0,0,No,0.470588235,0.83,blues,2,0,56,63,46,1070474,1417549.33,978116.54,47.13
25G0416,2025,New,4/16/2025,21768,4/16/2025,Wednesday,D,No,April,HOU,2,0.5,N,0,0,0,0,0,No,0.5,0.83,,1,0,57,74,41,1265424,1730868.34,1209866.89,42.35
25G0425,2025,New,4/25/2025,17920,4/25/2025,Friday,N,Yes,April,MIL,2,0.423076923,N,0,0,0,0,0,Yes,0.423076923,0.72,,1,0.23,73,81,63,1188238,1703763.24,1202598.99,52.31
25G0426,2025,New,4/26/2025,27756,4/26/2025,Saturday,D,No,April,MIL,2,0.444444444,Y,5.95,20750,Teenplus,Jersey,Clothes,Yes,0.444444444,0.74,battlehawks,2,0,60,65,52,1653210,2565568.76,1800461.35,53.61
25G0427,2025,New,4/27/2025,23554,4/27/2025,Sunday,D,Yes,April,MIL,2,0.428571429,Y,3.9,20750,Teenplus,Umbrella,Item,Yes,0.428571429,0.82,blues,2,0.04,57,63,53,1408693,1953930.23,1382270.48,45.35
25G0502,2025,New,5/2/2025,20877,5/2/2025,Friday,N,Yes,May,NYM,4,0.424242424,Y,2.85,20750,Teenplus,Hat,Clothes,Yes,0.424242424,0.72,blues,2,0,64,67,56,1418992,1981890.6,1396761.38,52.8
25G0503,2025,New,5/4/2025,12895,5/4/2025,Sunday,D,No,May,NYM,4,0.441176471,Y,3.5,20750,Teenplus,Bobblehead,Bobblehead,Yes,0.441176471,0.66,concert,2,0,55,63,47,1553738,1951780.24,1422196.47,54.34
25G0504,2025,New,5/4/2025,27234,5/4/2025,Sunday,N,Yes,May,NYM,4,0.457142857,Y,4.3,20750,Kids,Bag,Item,Yes,0.457142857,0.72,,1,0,55,63,47,1690899,2316063.73,1653663.19,46.46
25G0505,2025,New,5/5/2025,12700,5/5/2025,Monday,N,No,May,PIT,2,0.472222222,N,0,0,0,0,0,No,0.472222222,0.74,,1,0,54,61,47,946634,1237845.67,880414.44,43.51
25G0506,2025,New,5/6/2025,18142,5/6/2025,Tuesday,N,Yes,May,PIT,2,0.486486486,N,0,0,0,0,0,No,0.486486486,0.78,,1,0,58,73,45,1107847,1530163.97,1059038.03,44.6
25G0507,2025,New,5/7/2025,18156,5/7/2025,Wednesday,D,No,May,PIT,2,0.5,N,0,0,0,0,0,No,0.5,0.85,stlcity,2,0.02,66,75,57,1260768,1690900.16,1155554.46,45.53
25G0519,2025,New,5/19/2025,15844,5/19/2025,Monday,N,No,May,DET,4,0.5625,N,0,0,0,0,0,No,0.5625,1.12,,1,1.47,74,85,68,1090933,,,
25G0520,2025,New,5/20/2025,24826,5/20/2025,Tuesday,N,Yes,May,DET,4,0.551020408,N,0,0,0,0,0,No,0.551020408,1.17,,1,0.03,74,83,63,1398951,,,
25G0521,2025,New,5/21/2025,20836,5/21/2025,Wednesday,D,Yes,May,DET,4,0.54,N,0,0,0,0,0,No,0.54,1.14,,1,0,66,74,58,1397262,,,
25G0523,2025,New,5/23/2025,28236,5/23/2025,Friday,N,Yes,May,ARI,2,0.549019608,Y,5.65,20750,Teenplus,Hat,Clothes,Yes,0.549019608,1.15,battlehawks,2,0,61,74,49,1567631,,,
25G0524,2025,New,5/24/2025,30056,5/24/2025,Saturday,D,No,May,ARI,2,0.557692308,Y,3.38,20750,Teenplus,Bobblehead,Bobblehead,Yes,0.557692308,,,1,0,65,74,57,1707236,,,
25G0525,2025,New,5/25/2025,27736,5/25/2025,Sunday,D,Yes,May,ARI,2,0.566037736,Y,4.22,11000,Kids,Jersey,Clothes,Yes,0.566037736,1.19,,1,0.06,64,65,60,1713731,,,
25G0603,2025,New,6/3/2025,,6/3/2025,Tuesday,N,No,June,KCR,2,,N,0,0,0,0,0,No,,,,,,,,,,,,
25G0604,2025,New,6/4/2025,,6/4/2025,Wednesday,N,Yes,June,KCR,2,,N,0,0,0,0,0,No,,,,,,,,,,,,
25G0605,2025,New,6/5/2025,,6/5/2025,Thursday,N,No,June,KCR,2,,N,0,0,0,0,0,No,,,,,,,,,,,,
25G0606,2025,New,6/6/2025,,6/6/2025,Friday,N,Yes,June,LAD,1,,Y,4.15,20750,Teenplus,Fan,Item,Yes,,,,,,,,,,,,
25G0607,2025,New,6/7/2025,,6/7/2025,Saturday,D,No,June,LAD,1,,N,0,0,0,0,0,Yes,,,,,,,,,,,,
25G0608,2025,New,6/8/2025,,6/8/2025,Sunday,D,Yes,June,LAD,1,,Y,6.15,10080,Kids,Glove,Item,Yes,,,,,,,,,,,,
25G0609,2025,New,6/9/2025,,6/9/2025,Monday,N,Yes,June,TOR,3,,N,0,0,0,0,0,No,,,,,,,,,,,,
25G0610,2025,New,6/10/2025,,6/10/2025,Tuesday,N,No,June,TOR,3,,Y,4.49,20750,Teenplus,Jersey,Clothes,No,,,,,,,,,,,,
25G0611,2025,New,6/11/2025,,6/11/2025,Wednesday,D,No,June,TOR,3,,N,0,0,0,0,0,No,,,,,,,,,,,,
25G0620,2025,New,6/20/2025,,6/20/2025,Friday,N,No,June,CIN,1,,N,0,0,0,0,0,Yes,,,,,,,,,,,,
25G0621,2025,New,6/21/2025,,6/21/2025,Saturday,D,No,June,CIN,1,,Y,5.55,20750,Teenplus,Polo,Clothes,Yes,,,,,,,,,,,,
25G0622,2025,New,6/22/2025,,6/22/2025,Sunday,D,Yes,June,CIN,1,,N,0,0,0,0,0,Yes,,,,,,,,,,,,
25G0623,2025,New,6/23/2025,,6/23/2025,Monday,N,No,June,CHC,1,,N,0,0,0,0,0,No,,,,,,,,,,,,
25G0624,2025,New,6/24/2025,,6/24/2025,Tuesday,N,Yes,June,CHC,1,,N,0,0,0,0,0,No,,,,,,,,,,,,
25G0625,2025,New,6/25/2025,,6/25/2025,Wednesday,N,Yes,June,CHC,1,,N,0,0,0,0,0,No,,,stlcity,,,,,,,,,
25G0626,2025,New,6/26/2025,,6/26/2025,Thursday,D,No,June,CHC,1,,N,0,0,0,0,0,No,,,,,,,,,,,,
25G0708,2025,New,7/8/2025,,7/8/2025,Tuesday,N,No,July,WAS,3,,N,0,0,0,0,0,No,,,,,,,,,,,,
25G0709,2025,New,7/9/2025,,7/9/2025,Wednesday,N,No,July,WAS,3,,Y,3.9,20750,Any,Chain,Item,No,,,,,,,,,,,,
25G0710,2025,New,7/10/2025,,7/10/2025,Thursday,N,Yes,July,WAS,3,,N,0,0,0,0,0,No,,,,,,,,,,,,
25G0711,2025,New,7/11/2025,,7/11/2025,Friday,N,Yes,July,ATL,1,,N,0,0,0,0,0,Yes,,,,,,,,,,,,
25G0712,2025,New,7/12/2025,,7/12/2025,Saturday,D,No,July,ATL,1,,Y,5.65,20750,Teenplus,Tumbler,Item,Yes,,,,,,,,,,,,
25G0713,2025,New,7/13/2025,,7/13/2025,Sunday,D,Yes,July,ATL,1,,Y,5.65,20750,Teenplus,Warmup,Clothes,Yes,,,stlcity,,,,,,,,,
25G0724,2025,New,7/24/2025,,7/24/2025,Thursday,N,Yes,July,SDP,4,,Y,4,20750,Teenplus,Bobblehead,Bobblehead,No,,,,,,,,,,,,
25G0725,2025,New,7/25/2025,,7/25/2025,Friday,N,No,July,SDP,4,,N,0,0,0,0,0,Yes,,,,,,,,,,,,
25G0726,2025,New,7/26/2025,,7/26/2025,Saturday,N,No,July,SDP,4,,N,0,0,0,0,0,Yes,,,stlcity,,,,,,,,,
25G0727,2025,New,7/27/2025,,7/27/2025,Sunday,D,Yes,July,SDP,4,,Y,3.65,10000,Kids,Hat,Clothes,Yes,,,,,,,,,,,,
25G0728,2025,New,7/28/2025,,7/28/2025,Monday,N,No,July,MIA,4,,N,0,0,0,0,0,No,,,,,,,,,,,,
25G0729,2025,New,7/29/2025,,7/29/2025,Tuesday,N,No,July,MIA,4,,N,0,0,0,0,0,No,,,,,,,,,,,,
25G0730,2025,New,7/30/2025,,7/30/2025,Wednesday,N,Yes,July,MIA,4,,N,0,0,0,0,0,No,,,,,,,,,,,,
25G0808,2025,New,8/8/2025,,8/8/2025,Friday,N,No,August,CHC,1,,N,0,0,0,0,0,Yes,,,,,,,,,,,,
25G0809,2025,New,8/9/2025,,8/9/2025,Saturday,N,No,August,CHC,1,,N,0,0,0,0,0,Yes,,,stlcity,,,,,,,,,
25G0810,2025,New,8/10/2025,,8/10/2025,Sunday,D,Yes,August,CHC,1,,N,0,0,0,0,0,Yes,,,,,,,,,,,,
25G0811,2025,New,8/11/2025,,8/11/2025,Monday,N,No,August,COL,3,,N,0,0,0,0,0,No,,,,,,,,,,,,
25G0812,2025,New,8/12/2025,,8/12/2025,Tuesday,N,Yes,August,COL,3,,N,0,0,0,0,0,No,,,,,,,,,,,,
25G0813,2025,New,8/13/2025,,8/13/2025,Wednesday,D,No,August,COL,3,,N,0,0,0,0,0,No,,,,,,,,,,,,
25G0815,2025,New,8/15/2025,,8/15/2025,Friday,N,No,August,NYY,1,,Y,3.21,20750,Teenplus,Bobblehead,Bobblehead,Yes,,,,,,,,,,,,
25G0816,2025,New,8/16/2025,,8/16/2025,Saturday,N,No,August,NYY,1,,N,0,0,0,0,0,Yes,,,,,,,,,,,,
25G0817,2025,New,8/17/2025,,8/17/2025,Sunday,D,No,August,NYY,1,,Y,5.95,20750,Teenplus,Purse,Item,Yes,,,,,,,,,,,,
25G0825,2025,New,8/25/2025,,8/25/2025,Monday,N,No,August,PIT,2,,N,0,0,0,0,0,No,,,,,,,,,,,,
25G0826,2025,New,8/26/2025,,8/26/2025,Tuesday,N,No,August,PIT,2,,N,0,0,0,0,0,No,,,,,,,,,,,,
25G0827,2025,New,8/27/2025,,8/27/2025,Wednesday,N,Yes,August,PIT,2,,N,0,0,0,0,0,No,,,,,,,,,,,,
25G0828,2025,New,8/28/2025,,8/28/2025,Thursday,D,No,August,PIT,2,,N,0,0,0,0,0,No,,,,,,,,,,,,
25G0901,2025,New,9/1/2025,,9/1/2025,Monday,D,No,September,ATH,#N/A,,N,0,0,0,0,0,No,,,,,,,,,,,,
25G0902,2025,New,9/2/2025,,9/2/2025,Tuesday,N,Yes,September,ATH,#N/A,,N,0,0,0,0,0,No,,,,,,,,,,,,
25G0903,2025,New,9/3/2025,,9/3/2025,Wednesday,N,No,September,ATH,#N/A,,N,0,0,0,0,0,No,,,,,,,,,,,,
25G0905,2025,New,9/5/2025,,9/5/2025,Friday,N,Yes,September,SFG,2,,Y,7.5,20750,Teenplus,Bobblehead,Bobblehead,Yes,,,,,,,,,,,,
25G0906,2025,New,9/6/2025,,9/6/2025,Saturday,N,No,September,SFG,2,,Y,5.31,20750,Teenplus,Shirt,Clothes,Yes,,,stlcity,,,,,,,,,
25G0907,2025,New,9/7/2025,,9/7/2025,Sunday,D,Yes,September,SFG,2,,Y,0,13000,Kids,Build-a-bear,Item,Yes,,,,,,,,,,,,
25G0915,2025,New,9/15/2025,,9/15/2025,Monday,N,No,September,CIN,1,,N,0,0,0,0,0,No,,,,,,,,,,,,
25G0916,2025,New,9/16/2025,,9/16/2025,Tuesday,N,Yes,September,CIN,1,,N,0,0,0,0,0,No,,,,,,,,,,,,
25G0917,2025,New,9/17/2025,,9/17/2025,Wednesday,D,No,September,CIN,1,,N,0,0,0,0,0,No,,,,,,,,,,,,
25G0919,2025,New,9/19/2025,,9/19/2025,Friday,N,Yes,September,MIL,2,,Y,7.1,20750,Teenplus,Jacket,Clothes,Yes,,,,,,,,,,,,
25G0920,2025,New,9/20/2025,,9/20/2025,Saturday,N,No,September,MIL,2,,Y,6.65,20750,Teenplus,Sweatshirt,Clothes,Yes,,,,,,,,,,,,
25G0921,2025,New,9/21/2025,,9/21/2025,Sunday,D,No,September,MIL,2,,Y,6.61,20750,Teenplus,Flannel,Clothes,Yes,,,,,,,,,,,,
